@article{stylianides2007preservice,
	title={Preservice teachersâ€™ knowledge of proof by mathematical induction},
	author={Stylianides, Gabriel J and Stylianides, Andreas J and Philippou, George N},
	journal={Journal of Mathematics Teacher Education},
	volume={10},
	pages={145--166},
	year={2007},
	publisher={Springer}
}

@book{lifanov1996singular,
	title={Singular integral equations and discrete vortices},
	author={Lifanov, Ivan K},
	year={1996},
	publisher={Vsp}
}

@book{lipschutz2007theory,
	title={Theory and problems of discrete mathematics},
	author={Lipschutz, Seymour and Lipson, Marc Lars},
	year={2007},
	publisher={McGraw-Hill}
}

